<?xml version="1.0" encoding="UTF-8"?><collection xmlns="http://www.loc.gov/MARC21/slim"><record><leader>00458nam--2200181-u-4500</leader><controlfield tag="001">000050600</controlfield><controlfield tag="002">20161230</controlfield><controlfield tag="005">20161230201048</controlfield><controlfield tag="008">071001s1000------------r-----000-0-eng-d</controlfield><datafield ind1=" " ind2=" " tag="040"><subfield code="a">IFIN-HH</subfield></datafield><datafield ind1=" " ind2=" " tag="041"><subfield code="a">rus</subfield></datafield><datafield ind1=" " ind2=" " tag="080"><subfield code="a">51</subfield></datafield><datafield ind1="1" ind2=" " tag="100"><subfield code="a">Guseinov,A.I.(orvet.red.)</subfield></datafield><datafield ind1="1" ind2="0" tag="245"><subfield code="a">Voprosy vychislitelnoi Matematiki</subfield></datafield><datafield ind1=" " ind2=" " tag="260"><subfield code="a">Baky</subfield><subfield code="b">Izdatelstvo Akademii Nauk Azerbaidzhanskoi SSR</subfield><subfield code="c">1968</subfield></datafield><datafield ind1=" " ind2=" " tag="300"><subfield code="a">193 p</subfield></datafield><datafield ind1=" " ind2=" " tag="852"><subfield code="c">51</subfield></datafield><datafield ind1=" " ind2=" " tag="CAT"><subfield code="a">Sys</subfield><subfield code="c">20071001</subfield><subfield code="h">083209</subfield></datafield></record></collection>